<?xml version="1.0" encoding="UTF-8"?><record xmlns="http://www.loc.gov/MARC21/slim" xmlns:cinclude="http://apache.org/cocoon/include/1.0" xmlns:zs="http://www.loc.gov/zing/srw/">
  <leader>00686cz  a2200169n  4500</leader>
  <controlfield tag="001">no2013025266</controlfield>
  <controlfield tag="003">DLC</controlfield>
  <controlfield tag="005">20141111073930.0</controlfield>
  <controlfield tag="008">130307n| azannaabn          |a ana     c</controlfield>
  <datafield tag="010" ind1=" " ind2=" ">
    <subfield code="a">no2013025266</subfield>
  </datafield>
  <datafield tag="035" ind1=" " ind2=" ">
    <subfield code="a">(OCoLC)oca09421331</subfield>
  </datafield>
  <datafield tag="040" ind1=" " ind2=" ">
    <subfield code="a">DGPO</subfield>
    <subfield code="b">eng</subfield>
    <subfield code="e">rda</subfield>
    <subfield code="c">DGPO</subfield>
    <subfield code="d">WaU</subfield>
  </datafield>
  <datafield tag="046" ind1=" " ind2=" ">
    <subfield code="k">20121220</subfield>
  </datafield>
  <datafield tag="110" ind1="1" ind2=" ">
    <subfield code="a">United States.</subfield>
    <subfield code="t">Act to Allow the Pascua Yaqui Tribe to Determine the Requirements for Membership in That Tribe</subfield>
  </datafield>
  <datafield tag="380" ind1=" " ind2=" ">
    <subfield code="a">Statutes and codes</subfield>
    <subfield code="2">lcgft</subfield>
  </datafield>
  <datafield tag="410" ind1="1" ind2=" ">
    <subfield code="a">United States.</subfield>
    <subfield code="t">Public Law 112-214</subfield>
  </datafield>
  <datafield tag="670" ind1=" " ind2=" ">
    <subfield code="a">An Act to Allow the Pascua Yaqui Tribe to Determine the Requirements for Membership in That Tribe, 2012, Public Law 112-214:</subfield>
    <subfield code="b">126 Stat. 1588 (Approved December 20, 2012)</subfield>
  </datafield>
</record>